%% This BibTeX bibliography file was created using BibDesk.
%% https://bibdesk.sourceforge.io/

%% Created for Benjamin Bloem-Reddy at 2019-08-21 11:27:41 -0700 


%% Saved with string encoding Unicode (UTF-8) 
@article{fan2017estimation,
  title={Estimation of high dimensional mean regression in the absence of symmetry and light tail assumptions},
  author={Fan, Jianqing and Li, Quefeng and Wang, Yuyan},
  journal={Journal of the Royal Statistical Society: Series B (Statistical Methodology)},
  volume={79},
  number={1},
  pages={247--265},
  year={2017},
  publisher={Wiley Online Library}
}